<record><leader>00000cas a2200000 a 4500</leader><controlfield tag="001">11102310</controlfield><controlfield tag="008">840829d18761878ksuwr ne      0   a0eng d</controlfield><datafield ind1=" " ind2=" " tag="010"><subfield code="a">sn 84029419 </subfield></datafield><datafield ind1=" " ind2=" " tag="040"><subfield code="a">KSH</subfield><subfield code="b">eng</subfield><subfield code="c">KSH</subfield><subfield code="d">NPT</subfield><subfield code="d">OCL</subfield><subfield code="d">OCLCQ</subfield></datafield><datafield ind1=" " ind2=" " tag="042"><subfield code="a">msc</subfield></datafield><datafield ind1="0" ind2="4" tag="245"><subfield code="a">The Kansas gazette.</subfield></datafield><datafield ind1=" " ind2=" " tag="260"><subfield code="a">Enterprise, Kan. :</subfield><subfield code="b">V.P. Wilson,</subfield><subfield code="c">1876-1878.</subfield></datafield><datafield ind1=" " ind2=" " tag="300"><subfield code="a">2 v. :</subfield><subfield code="b">ill. ;</subfield><subfield code="c">50-69 cm.</subfield></datafield><datafield ind1=" " ind2=" " tag="310"><subfield code="a">Weekly</subfield></datafield><datafield ind1="0" ind2=" " tag="362"><subfield code="a">Vol. 2, no. 7 (Apr. 27, 1876)-v. 4, no. 17 (Apr. 26, 1878).</subfield></datafield><datafield ind1=" " ind2=" " tag="500"><subfield code="a">Published simultaneously in Abilene, Kan., July 20, 1877-Apr. 26, 1878.</subfield></datafield><datafield ind1=" " ind2=" " tag="500"><subfield code="a">Published by V.P. Wilson &amp; Sons, July 20, 1877-Apr. 26, 1878.</subfield></datafield><datafield ind1=" " ind2=" " tag="500"><subfield code="a">"Republican."</subfield></datafield><datafield ind1=" " ind2=" " tag="530"><subfield code="a">Available on microfilm from Micro Photo.</subfield></datafield><datafield ind1=" " ind2=" " tag="580"><subfield code="a">Continues: Solomon gazette (non-extant).</subfield></datafield><datafield ind1=" " ind2=" " tag="752"><subfield code="a">United States</subfield><subfield code="b">Kansas</subfield><subfield code="c">Dickinson</subfield><subfield code="d">Enterprise.</subfield></datafield><datafield ind1=" " ind2=" " tag="752"><subfield code="a">United States</subfield><subfield code="b">Kansas</subfield><subfield code="c">Dickinson</subfield><subfield code="d">Abilene.</subfield></datafield><datafield ind1="1" ind2="0" tag="780"><subfield code="t">Solomon gazette</subfield></datafield><datafield ind1="0" ind2="0" tag="785"><subfield code="t">Abilene gazette</subfield><subfield code="w">(DLC)sn 84029420</subfield></datafield></record>